@ONLINE{Ubuntu2015,
  AUTHOR = {Canonical},
  YEAR = {2015},
  TITLE = {The leading OS for PC, tablet, phone and cloud | Ubuntu},
  URL = {http://www.ubuntu.com/},
  URLDATE = {2015-01-01}
}

@BOOK{Fischer2014,
  AUTHOR = {Fischer, Marcus},
  YEAR = {2014},
  TITLE = {Ubuntu 14.04 LTS - Aktuell zu »Trusty Tahr«},
  EDITION = {8. Auflage},
  ISBN = {978-3-836-22960-9},
  PUBLISHER = {Galileo Press GmbH},
  ADDRESS = {Bonn},
}